@inproceedings{ASE2017,
 author = {Kim, Soomin and Faerevaag, Markus and Jung, Minkyu and Jung, SeungIl and Oh, DongYeop and Lee, JongHyup and Cha, Sang Kil},
 title = {Testing Intermediate Representations for Binary Analysis},
 booktitle = {Proceedings of the 32Nd IEEE/ACM International Conference on Automated Software Engineering},
 series = {ASE 2017},
 year = {2017},
 isbn = {978-1-5386-2684-9},
 location = {Urbana-Champaign, IL, USA},
 pages = {353--364},
 numpages = {12},
 url = {http://dl.acm.org/citation.cfm?id=3155562.3155609},
 acmid = {3155609},
 publisher = {IEEE Press},
 address = {Piscataway, NJ, USA},
 keywords = {Binary Analysis, Binary Lifter, Binary-Based Intermediate Representation, N-version IR Testing},
}

@article{CLSS2015,
    author = {Chen, Jiunn-Yeu and Yang, Wuu and Shen, Bor-Yeh and Li, Yuan-Jia and Hsu, Wei-Chung},
    title = {Automatic Validation for Binary Translation},
    journal = {Comput. Lang. Syst. Struct.},
    issue_date = {October 2015},
    volume = {43},
    number = {C},
    month = oct,
    year = {2015},
    issn = {1477-8424},
    pages = {96--115},
    numpages = {20},
    url = {http://dx.doi.org/10.1016/j.cl.2015.05.002},
    doi = {10.1016/j.cl.2015.05.002},
    acmid = {2826921},
    publisher = {Elsevier Science Publishers B. V.},
    address = {Amsterdam, The Netherlands, The Netherlands},
    keywords = {ARM, Architecture state, Binary translation, QEMU, Validation},
}

@inproceedings{Myreen:FMCAD:2008,
    author = {Myreen, Magnus O. and Gordon, Michael J. C. and Slind, Konrad},
    title = {Machine-code Verification for Multiple Architectures: An Application of Decompilation into Logic},
    booktitle = {Proceedings of the 2008 International Conference on Formal Methods in Computer-Aided Design},
    series = {FMCAD '08},
    year = {2008},
    isbn = {978-1-4244-2735-2},
    location = {Portland, Oregon},
    pages = {20:1--20:8},
    articleno = {20},
    numpages = {8},
    url = {http://dl.acm.org/citation.cfm?id=1517424.1517444},
    acmid = {1517444},
    publisher = {IEEE Press},
    address = {Piscataway, NJ, USA},
} 

@INPROCEEDINGS{Myreen:FMCAD:2012, 
    author={M. O. {Myreen} and M. J. C. {Gordon} and K. {Slind}}, 
    booktitle={2012 Formal Methods in Computer-Aided Design (FMCAD)}, 
    title={Decompilation into logic â€” Improved}, 
    year={2012}, 
    volume={}, 
    number={}, 
    pages={78-81}, 
    keywords={formal logic;instruction sets;program verification;theorem proving;machine-code program verification;decompilation into logic;machine-code Hoare logic;instruction set architecture;HOL4 theorem prover;Arrays;Assembly;Design automation;Concrete;Cognition;Computational modeling}, 
    doi={}, 
    ISSN={}, 
    month={Oct},
}

@inproceedings{LLBT2012,
    author = {Shen, Bor-Yeh and Chen, Jiunn-Yeu and Hsu, Wei-Chung and Yang, Wuu},
    title = {{LLBT: An LLVM-based Static Binary Translator}},
    booktitle = {Proceedings of the 2012 International Conference on Compilers, Architectures and Synthesis for Embedded Systems},
    series = {CASES '12},
    year = {2012},
    isbn = {978-1-4503-1424-4},
    location = {Tampere, Finland},
    pages = {51--60},
    numpages = {10},
    url = {http://doi.acm.org/10.1145/2380403.2380419},
    doi = {10.1145/2380403.2380419},
    acmid = {2380419},
    publisher = {ACM},
    address = {New York, NY, USA},
    keywords = {compiler, intermediate representation, retargeting, static binary translation},
}

@INPROCEEDINGS{LLVMDBT2012, 
    author={B. {Shen} and J. {You} and W. {Yang} and W. {Hsu}}, 
    booktitle={7th IEEE International Symposium on Industrial Embedded Systems (SIES'12)}, 
    title={An LLVM-based hybrid binary translation system}, 
    year={2012}, 
    volume={}, 
    number={}, 
    pages={229-236}, 
    keywords={exception handling;program interpreters;LLVM-based hybrid binary translation system;static binary translation;SBT systems;dynamic binary translation;DBT systems;whole-program optimization;run-time overhead;code discovery;code location problem;runtime behavior;translation time;execution time;code generation;HBT system;LLVM infrastructure;source binary code;target binary code;run-time exception;dynamic translation;Optimization;Heterojunction bipolar transistors;Binary codes;Registers;Switches;Assembly;Generators}, 
    doi={10.1109/SIES.2012.6356589}, 
    ISSN={2150-3109}, 
    month={June},
}

@inproceedings{DasguptaAdve:PLDI19,
    author = {Dasgupta, Sandeep and Park, Daejun and Kasampalis, Theodoros and Adve, Vikram S. and Ro\c{s}u, Grigore},
    title  = {A Complete Formal Semantics of x86-64 User-Level Instruction Set Architecture},
    booktitle = {Proceedings of the 2019 ACM SIGPLAN Conference on Programming Language Design and Implementation},
    year = {2019},
    doi={10.1145/3314221.3314601},
    publisher = {ACM}

}

@misc{LLVMSEMA,
    title = {Formal semantics of LLVM IR in K},
    howpublished = {\url{https://github.com/kframework/llvm-semantics}},
    note = {Last accessed: \today}
}

