@book{Sutton:1998,
    author = {Sutton, Richard S. and Barto, Andrew G.},
    title = {Introduction to Reinforcement Learning},
    year = {1998},
    isbn = {0262193981},
    edition = {1st},
    publisher = {MIT Press},
    address = {Cambridge, MA, USA},
} 

@article{Gosavi:2009,
    author = {Gosavi, Abhijit},
    title = {Reinforcement Learning: A Tutorial Survey and Recent Advances},
    journal = {INFORMS J. on Computing},
    issue_date = {Spring 2009},
    volume = {21},
    number = {2},
    month = apr,
    year = {2009},
    issn = {1526-5528},
    pages = {178--192},
    numpages = {15},
    url = {http://dx.doi.org/10.1287/ijoc.1080.0305},
    doi = {10.1287/ijoc.1080.0305},
    acmid = {1538320},
    publisher = {INFORMS},
    address = {Institute for Operations Research and the Management Sciences (INFORMS), Linthicum, Maryland, USA},
    keywords = {artificial intelligence, dynamic programming, reinforcement learning, simulation},
}

@misc{TheoSAS19,
    author = {Kasampalis, Theodoros and Park, Daejun and Adve, Vikram S. and Ro\c{s}u, Grigore},
    title = {{Cross-Language Program Equivalence with Application to LLVM}},
    howpublished = {\url{https://drive.google.com/open?id=1OWvaQHMC5KFVnyp2motlDHYLauI7Luv0}},
    note = {Under submission in SAS 2019: 26th Static Analysis Symposium}
}

@inproceedings{Tate:2009,
    author = {Tate, Ross and Stepp, Michael and Tatlock, Zachary and Lerner, Sorin},
    title = {Equality Saturation: A New Approach to Optimization},
    booktitle = {Proceedings of the 36th Annual ACM SIGPLAN-SIGACT Symposium on Principles of Programming Languages},
    series = {POPL '09},
    year = {2009},
    isbn = {978-1-60558-379-2},
    location = {Savannah, GA, USA},
    pages = {264--276},
    numpages = {13},
    url = {http://doi.acm.org/10.1145/1480881.1480915},
    doi = {10.1145/1480881.1480915},
    acmid = {1480915},
    publisher = {ACM},
    address = {New York, NY, USA},
    keywords = {compiler optimization, equality reasoning, intermediate representation},
} 

@inproceedings{Kundu:2009,
    author = {Kundu, Sudipta and Tatlock, Zachary and Lerner, Sorin},
    title = {Proving Optimizations Correct Using Parameterized Program Equivalence},
    booktitle = {Proceedings of the 30th ACM SIGPLAN Conference on Programming Language Design and Implementation},
    series = {PLDI '09},
    year = {2009},
    isbn = {978-1-60558-392-1},
    location = {Dublin, Ireland},
    pages = {327--337},
    numpages = {11},
    url = {http://doi.acm.org/10.1145/1542476.1542513},
    doi = {10.1145/1542476.1542513},
    acmid = {1542513},
    publisher = {ACM},
    address = {New York, NY, USA},
    keywords = {compiler optimization, correctness, translation validation},
} 

@inproceedings{Sewell:2013,
    author = {Sewell, Thomas Arthur Leck and Myreen, Magnus O. and Klein, Gerwin},
    title = {Translation Validation for a Verified OS Kernel},
    booktitle = {Proceedings of the 34th ACM SIGPLAN Conference on Programming Language Design and Implementation},
    series = {PLDI '13},
    year = {2013},
    isbn = {978-1-4503-2014-6},
    location = {Seattle, Washington, USA},
    pages = {471--482},
    numpages = {12},
    url = {http://doi.acm.org/10.1145/2491956.2462183},
    doi = {10.1145/2491956.2462183},
    acmid = {2462183},
    publisher = {ACM},
    address = {New York, NY, USA},
    keywords = {binary verification, microkernel, seL4},
} 

@inproceedings{Rival:2004,
    author = {Rival, Xavier},
    title = {Symbolic Transfer Function-based Approaches to Certified Compilation},
    booktitle = {Proceedings of the 31st ACM SIGPLAN-SIGACT Symposium on Principles of Programming Languages},
    series = {POPL '04},
    year = {2004},
    isbn = {1-58113-729-X},
    location = {Venice, Italy},
    pages = {1--13},
    numpages = {13},
    url = {http://doi.acm.org/10.1145/964001.964002},
    doi = {10.1145/964001.964002},
    acmid = {964002},
    publisher = {ACM},
    address = {New York, NY, USA},
    keywords = {abstract interpretation, certification, compilation, static analysis, translation validation},
}

@inproceedings{SYMDIFF:2012,
    author = {Lahiri, Shuvendu K. and Hawblitzel, Chris and Kawaguchi, Ming and Reb\^{e}lo, Henrique},
    title = {SYMDIFF: A Language-agnostic Semantic Diff Tool for Imperative Programs},
    booktitle = {Proceedings of the 24th International Conference on Computer Aided Verification},
    series = {CAV'12},
    year = {2012},
    isbn = {978-3-642-31423-0},
    location = {Berkeley, CA},
    pages = {712--717},
    numpages = {6},
    url = {http://dx.doi.org/10.1007/978-3-642-31424-7_54},
    doi = {10.1007/978-3-642-31424-7_54},
    acmid = {2362284},
    publisher = {Springer-Verlag},
    address = {Berlin, Heidelberg},
} 


@inproceedings{Boogie:2005,
    author = {Barnett, Mike and Chang, Bor-Yuh Evan and DeLine, Robert and Jacobs, Bart and Leino, K. Rustan M.},
    title = {Boogie: A Modular Reusable Verifier for Object-oriented Programs},
    booktitle = {Proceedings of the 4th International Conference on Formal Methods for Components and Objects},
    series = {FMCO'05},
    year = {2006},
    isbn = {3-540-36749-7, 978-3-540-36749-9},
    location = {Amsterdam, The Netherlands},
    pages = {364--387},
    numpages = {24},
    url = {http://dx.doi.org/10.1007/11804192_17},
    doi = {10.1007/11804192_17},
    acmid = {2090481},
    publisher = {Springer-Verlag},
    address = {Berlin, Heidelberg},
} 

@inproceedings{Leroy:2006,
    author = {Leroy, Xavier},
    title = {Formal Certification of a Compiler Back-end or: Programming a Compiler with a Proof Assistant},
    booktitle = {Conference Record of the 33rd ACM SIGPLAN-SIGACT Symposium on Principles of Programming Languages},
    series = {POPL '06},
    year = {2006},
    isbn = {1-59593-027-2},
    location = {Charleston, South Carolina, USA},
    pages = {42--54},
    numpages = {13},
    url = {http://doi.acm.org/10.1145/1111037.1111042},
    doi = {10.1145/1111037.1111042},
    acmid = {1111042},
    publisher = {ACM},
    address = {New York, NY, USA},
    keywords = {certified compilation, compiler transformations and optimizations, program proof, semantic preservation, the Coq theorem prover},
} 

@InProceedings{Karl2003,
    author="Crary, Karl
    and Sarkar, Susmit",
    editor="Baader, Franz",
    title="Foundational Certified Code in a Metalogical Framework",
    booktitle="Automated Deduction -- CADE-19",
    year="2003",
    publisher="Springer Berlin Heidelberg",
    address="Berlin, Heidelberg",
    pages="106--120",
}

@InProceedings{Fox2003,
    author="Fox, Anthony",
    editor="Basin, David
    and Wolff, Burkhart",
    title="Formal Specification and Verification of ARM6",
    booktitle="Theorem Proving in Higher Order Logics",
    year="2003",
    publisher="Springer Berlin Heidelberg",
    address="Berlin, Heidelberg",
    pages="25--40",
}

@inproceedings{Cha:2012,
    author = {Cha, Sang Kil and Avgerinos, Thanassis and Rebert, Alexandre and Brumley, David},
    title = {Unleashing Mayhem on Binary Code},
    booktitle = {Proceedings of the 2012 IEEE Symposium on Security and Privacy},
    series = {SP '12},
    year = {2012},
    isbn = {978-0-7695-4681-0},
    pages = {380--394},
    numpages = {15},
    url = {https://doi.org/10.1109/SP.2012.31},
    doi = {10.1109/SP.2012.31},
    acmid = {2310692},
    publisher = {IEEE Computer Society},
    address = {Washington, DC, USA},
    keywords = {hybrid execution, symbolic memory, index-based memory modeling, exploit generation},
} 

@inproceedings{Lin:2008,
    author = {Lin, Zhiqiang and Zhang, Xiangyu},
    title = {Deriving Input Syntactic Structure from Execution},
    booktitle = {Proceedings of the 16th ACM SIGSOFT International Symposium on Foundations of Software Engineering},
    series = {SIGSOFT '08/FSE-16},
    year = {2008},
    isbn = {978-1-59593-995-1},
    location = {Atlanta, Georgia},
    pages = {83--93},
    numpages = {11},
    url = {http://doi.acm.org/10.1145/1453101.1453114},
    doi = {10.1145/1453101.1453114},
    acmid = {1453114},
    publisher = {ACM},
    address = {New York, NY, USA},
    keywords = {bottom-up grammar, control dependence, input lineage, reverse engineering, syntax tree, top-down grammar},
} 

@inproceedings{Cui:2008,
    author = {Cui, Weidong and Peinado, Marcus and Chen, Karl and Wang, Helen J. and Irun-Briz, Luis},
    title = {Tupni: Automatic Reverse Engineering of Input Formats},
    booktitle = {Proceedings of the 15th ACM Conference on Computer and Communications Security},
    series = {CCS '08},
    year = {2008},
    isbn = {978-1-59593-810-7},
    location = {Alexandria, Virginia, USA},
    pages = {391--402},
    numpages = {12},
    url = {http://doi.acm.org/10.1145/1455770.1455820},
    doi = {10.1145/1455770.1455820},
    acmid = {1455820},
    publisher = {ACM},
    address = {New York, NY, USA},
    keywords = {binary analysis, protocol reverse engineering},
} 

@inproceedings{Kruegel:2004,
    author = {Kruegel, Christopher and Robertson, William and Vigna, Giovanni},
    title = {Detecting Kernel-Level Rootkits Through Binary Analysis},
    booktitle = {Proceedings of the 20th Annual Computer Security Applications Conference},
    series = {ACSAC '04},
    year = {2004},
    isbn = {0-7695-2252-1},
    pages = {91--100},
    numpages = {10},
    url = {http://dx.doi.org/10.1109/CSAC.2004.19},
    doi = {10.1109/CSAC.2004.19},
    acmid = {1038304},
    publisher = {IEEE Computer Society},
    address = {Washington, DC, USA},
} 

@article{Magnusson:2002,
    author = {Magnusson, Peter S. and Christensson, Magnus and Eskilson, Jesper and Forsgren, Daniel and H{\aa}llberg, Gustav and H\"{o}gberg, Johan and Larsson, Fredrik and Moestedt, Andreas and Werner, Bengt},
    title = {Simics: A Full System Simulation Platform},
    journal = {Computer},
    issue_date = {February 2002},
    volume = {35},
    number = {2},
    month = feb,
    year = {2002},
    issn = {0018-9162},
    pages = {50--58},
    numpages = {9},
    url = {https://doi.org/10.1109/2.982916},
    doi = {10.1109/2.982916},
    acmid = {621909},
    publisher = {IEEE Computer Society Press},
    address = {Los Alamitos, CA, USA},
} 


@inproceedings{Chipounov:2011,
    author = {Chipounov, Vitaly and Kuznetsov, Volodymyr and Candea, George},
    title = {S2E: A Platform for In-vivo Multi-path Analysis of Software Systems},
    booktitle = {Proceedings of the Sixteenth International Conference on Architectural Support for Programming Languages and Operating Systems},
    series = {ASPLOS XVI},
    year = {2011},
    isbn = {978-1-4503-0266-1},
    location = {Newport Beach, California, USA},
    pages = {265--278},
    numpages = {14},
    url = {http://doi.acm.org/10.1145/1950365.1950396},
    doi = {10.1145/1950365.1950396},
    acmid = {1950396},
    publisher = {ACM},
    address = {New York, NY, USA},
    keywords = {analysis, binary, consistency models, dbt, framework, in-vivo, performance, symbolic execution, testing, virtualization},
}

@inproceedings{Avgerinos:2014,
    author = {Avgerinos, Thanassis and Rebert, Alexandre and Cha, Sang Kil and Brumley, David},
    title = {Enhancing Symbolic Execution with Veritesting},
    booktitle = {Proceedings of the 36th International Conference on Software Engineering},
    series = {ICSE 2014},
    year = {2014},
    isbn = {978-1-4503-2756-5},
    location = {Hyderabad, India},
    pages = {1083--1094},
    numpages = {12},
    url = {http://doi.acm.org/10.1145/2568225.2568293},
    doi = {10.1145/2568225.2568293},
    acmid = {2568293},
    publisher = {ACM},
    address = {New York, NY, USA},
    keywords = {Symbolic Execution, Verification, Veritesting},
} 

@inproceedings{Zhang:2013,
    author = {Zhang, Chao and Wei, Tao and Chen, Zhaofeng and Duan, Lei and Szekeres, Laszlo and McCamant, Stephen and Song, Dawn and Zou, Wei},
    title = {Practical Control Flow Integrity and Randomization for Binary Executables},
    booktitle = {Proceedings of the 2013 IEEE Symposium on Security and Privacy},
    series = {SP '13},
    year = {2013},
    isbn = {978-0-7695-4977-4},
    pages = {559--573},
    numpages = {15},
    url = {http://dx.doi.org/10.1109/SP.2013.44},
    doi = {10.1109/SP.2013.44},
    acmid = {2498134},
    publisher = {IEEE Computer Society},
    address = {Washington, DC, USA},
} 

@inproceedings{Ford:2008,
    author = {Ford, Bryan and Cox, Russ},
    title = {Vx32: Lightweight User-level Sandboxing on the x86},
    booktitle = {USENIX 2008 Annual Technical Conference},
    series = {ATC'08},
    year = {2008},
    location = {Boston, Massachusetts},
    pages = {293--306},
    numpages = {14},
    url = {http://dl.acm.org/citation.cfm?id=1404014.1404039},
    acmid = {1404039},
    publisher = {USENIX Association},
    address = {Berkeley, CA, USA},
} 

@inproceedings{Cha:2015,
    author = {Cha, Sang Kil and Woo, Maverick and Brumley, David},
    title = {Program-Adaptive Mutational Fuzzing},
    booktitle = {Proceedings of the 2015 IEEE Symposium on Security and Privacy},
    series = {SP '15},
    year = {2015},
    isbn = {978-1-4673-6949-7},
    pages = {725--741},
    numpages = {17},
    url = {https://doi.org/10.1109/SP.2015.50},
    doi = {10.1109/SP.2015.50},
    acmid = {2867674},
    publisher = {IEEE Computer Society},
    address = {Washington, DC, USA},
    keywords = {fuzzing, mutation ratio optimization, mutational fuzzing, software testing},
} 

@article{UQBT:2000,
    author = {Cifuentes, Cristina and Emmerik, Mike Van},
    title = {UQBT: Adaptable Binary Translation at Low Cost},
    journal = {Computer},
    issue_date = {March 2000},
    volume = {33},
    number = {3},
    month = mar,
    year = {2000},
    issn = {0018-9162},
    pages = {60--66},
    numpages = {7},
    url = {https://doi.org/10.1109/2.825697},
    doi = {10.1109/2.825697},
    acmid = {621434},
    publisher = {IEEE Computer Society Press},
    address = {Los Alamitos, CA, USA},
} 


@INPROCEEDINGS{PEBIL10, 
    author={M. A. {Laurenzano} and M. M. {Tikir} and L. {Carrington} and A. {Snavely}}, 
    booktitle={2010 IEEE International Symposium on Performance Analysis of Systems Software (ISPASS)}, 
    title={PEBIL: Efficient static binary instrumentation for Linux}, 
    year={2010}, 
    volume={}, 
    number={}, 
    pages={175-183}, 
    doi={10.1109/ISPASS.2010.5452024}, 
    ISSN={}, 
    month={March},}

@inproceedings{Bruening:CGO2003,
    author = {Bruening, Derek and Garnett, Timothy and Amarasinghe, Saman},
    title = {An Infrastructure for Adaptive Dynamic Optimization},
    booktitle = {Proceedings of the International Symposium on Code Generation and Optimization: Feedback-directed and Runtime Optimization},
    series = {CGO '03},
    year = {2003},
    isbn = {0-7695-1913-X},
    location = {San Francisco, California, USA},
    pages = {265--275},
    numpages = {11},
    url = {http://dl.acm.org/citation.cfm?id=776261.776290},
    acmid = {776290},
    publisher = {IEEE Computer Society},
    address = {Washington, DC, USA},
} 

@book{Sangiorgi:2011,
    author = {Sangiorgi, Davide},
    title = {Introduction to Bisimulation and Coinduction},
    year = {2011},
    isbn = {1107003636, 9781107003637},
    publisher = {Cambridge University Press},
    address = {New York, NY, USA},
} 

@inproceedings{Hawblitzel:FSE2013,
    author = {Hawblitzel, Chris and Lahiri, Shuvendu K. and Pawar, Kshama and Hashmi, Hammad and Gokbulut, Sedar and Fernando, Lakshan and Detlefs, Dave and Wadsworth, Scott},
    title = {Will You Still Compile Me Tomorrow? Static Cross-version Compiler Validation},
    booktitle = {Proceedings of the 2013 9th Joint Meeting on Foundations of Software Engineering},
    series = {ESEC/FSE 2013},
    year = {2013},
    isbn = {978-1-4503-2237-9},
    location = {Saint Petersburg, Russia},
    pages = {191--201},
    numpages = {11},
    url = {http://doi.acm.org/10.1145/2491411.2491442},
    doi = {10.1145/2491411.2491442},
    acmid = {2491442},
    publisher = {ACM},
    address = {New York, NY, USA},
    keywords = {Compilers, Translation Validation, Verification},
} 


@inproceedings{Hardin:2006,
    author = {Hardin, David S. and Smith, Eric W. and Young, William D.},
    title = {A Robust Machine Code Proof Framework for Highly Secure Applications},
    booktitle = {Proceedings of the Sixth International Workshop on the ACL2 Theorem Prover and Its Applications},
    series = {ACL2 '06},
    year = {2006},
    isbn = {0-9788493-0-2},
    location = {Seattle, Washington, USA},
    pages = {11--20},
    numpages = {10},
    url = {http://doi.acm.org/10.1145/1217975.1217978},
    doi = {10.1145/1217975.1217978},
    acmid = {1217978},
    publisher = {ACM},
    address = {New York, NY, USA},
    keywords = {ACL2, certification, cryptography, high-assurance, processor modeling, symbolic simulation, theorem proving},
} 

@inproceedings{DDEC:OOPSLA:2013,
    author = {Sharma, Rahul and Schkufza, Eric and Churchill, Berkeley and Aiken, Alex},
    title = {Data-driven Equivalence Checking},
    booktitle = {Proceedings of the 2013 ACM SIGPLAN International Conference on Object Oriented Programming Systems Languages \&\#38; Applications},
    series = {OOPSLA '13},
    year = {2013},
    isbn = {978-1-4503-2374-1},
    location = {Indianapolis, Indiana, USA},
    pages = {391--406},
    numpages = {16},
    url = {http://doi.acm.org/10.1145/2509136.2509509},
    doi = {10.1145/2509136.2509509},
    acmid = {2509509},
    publisher = {ACM},
    address = {New York, NY, USA},
    keywords = {binary analysis, compilers, markov chain monte carlo, optimization, smt, superoptimization, verification, x86},
} 

@inproceedings{Rosenblum:2008,
    author = {Rosenblum, Nathan and Zhu, Xiaojin and Miller, Barton and Hunt, Karen},
    title = {Learning to Analyze Binary Computer Code},
    booktitle = {Proceedings of the 23rd National Conference on Artificial Intelligence - Volume 2},
    series = {AAAI'08},
    year = {2008},
    isbn = {978-1-57735-368-3},
    location = {Chicago, Illinois},
    pages = {798--804},
    numpages = {7},
    url = {http://dl.acm.org/citation.cfm?id=1620163.1620196},
    acmid = {1620196},
    publisher = {AAAI Press},
} 

@inproceedings{Rosenblum:2011,
    author = {Rosenblum, Nathan and Zhu, Xiaojin and Miller, Barton P.},
    title = {Who Wrote This Code? Identifying the Authors of Program Binaries},
    booktitle = {Proceedings of the 16th European Conference on Research in Computer Security},
    series = {ESORICS'11},
    year = {2011},
    isbn = {978-3-642-23821-5},
    location = {Leuven, Belgium},
    pages = {172--189},
    numpages = {18},
    url = {http://dl.acm.org/citation.cfm?id=2041225.2041239},
    acmid = {2041239},
    publisher = {Springer-Verlag},
    address = {Berlin, Heidelberg},
} 


@misc{Rosenblum2007,
    author = {Rosenblum, Nathan and Zhu, Xiaojin and Miller, Barton and Hunt, Karen},
    title = {{Machine learning-assisted binary code analysis}},
    howpublished = {\url{http://pages.cs.wisc.edu/~jerryzhu/pub/nips07-abs.pdf}},
    series = {NIPS'07},
    year = {2007},
    note = {Last accessed: \today}
}

@inproceedings{Rosenblum:2010,
    author = {Rosenblum, Nathan E. and Miller, Barton P. and Zhu, Xiaojin},
    title = {Extracting Compiler Provenance from Program Binaries},
    booktitle = {Proceedings of the 9th ACM SIGPLAN-SIGSOFT Workshop on Program Analysis for Software Tools and Engineering},
    series = {PASTE '10},
    year = {2010},
    isbn = {978-1-4503-0082-7},
    location = {Toronto, Ontario, Canada},
    pages = {21--28},
    numpages = {8},
    url = {http://doi.acm.org/10.1145/1806672.1806678},
    doi = {10.1145/1806672.1806678},
    acmid = {1806678},
    publisher = {ACM},
    address = {New York, NY, USA},
    keywords = {forensics, program provenance, static binary analysis},
} 
[download]

@INPROCEEDINGS{JohnnySP2016, 
    author={K. {Yakdan} and S. {Dechand} and E. {Gerhards-Padilla} and M. {Smith}}, 
    booktitle={2016 IEEE Symposium on Security and Privacy (SP)}, 
    title={Helping Johnny to Analyze Malware: A Usability-Optimized Decompiler and Malware Analysis User Study}, 
    year={2016}, 
    volume={}, 
    number={}, 
    pages={158-177}, 
    doi={10.1109/SP.2016.18}, 
    ISSN={2375-1207}, 
    month={May},}

@inproceedings{Koehn:2007,
    author = {Koehn, Philipp and Hoang, Hieu and Birch, Alexandra and Callison-Burch, Chris and Federico, Marcello and Bertoldi, Nicola and Cowan, Brooke and Shen, Wade and Moran, Christine and Zens, Richard and Dyer, Chris and Bojar, Ond\v{r}ej and Constantin, Alexandra and Herbst, Evan},
    title = {Moses: Open Source Toolkit for Statistical Machine Translation},
    booktitle = {Proceedings of the 45th Annual Meeting of the ACL on Interactive Poster and Demonstration Sessions},
    series = {ACL '07},
    year = {2007},
    location = {Prague, Czech Republic},
    pages = {177--180},
    numpages = {4},
    url = {http://dl.acm.org/citation.cfm?id=1557769.1557821},
    acmid = {1557821},
    publisher = {Association for Computational Linguistics},
    address = {Stroudsburg, PA, USA},
} 

@inproceedings{Shin:2015,
    author = {Shin, Eui Chul Richard and Song, Dawn and Moazzezi, Reza},
    title = {Recognizing Functions in Binaries with Neural Networks},
    booktitle = {Proceedings of the 24th USENIX Conference on Security Symposium},
    series = {SEC'15},
    year = {2015},
    isbn = {978-1-931971-232},
    location = {Washington, D.C.},
    pages = {611--626},
    numpages = {16},
    url = {http://dl.acm.org/citation.cfm?id=2831143.2831182},
    acmid = {2831182},
    publisher = {USENIX Association},
    address = {Berkeley, CA, USA},
} 


@inproceedings{Bao:2014,
    author = {Bao, Tiffany and Burket, Jonathan and Woo, Maverick and Turner, Rafael and Brumley, David},
    title = {BYTEWEIGHT: Learning to Recognize Functions in Binary Code},
    booktitle = {Proceedings of the 23rd USENIX Conference on Security Symposium},
    series = {SEC'14},
    year = {2014},
    isbn = {978-1-931971-15-7},
    location = {San Diego, CA},
    pages = {845--860},
    numpages = {16},
    url = {http://dl.acm.org/citation.cfm?id=2671225.2671279},
    acmid = {2671279},
    publisher = {USENIX Association},
    address = {Berkeley, CA, USA},
} 


@inproceedings{Jaffe:2018ICPC,
    author = {Jaffe, Alan and Lacomis, Jeremy and Schwartz, Edward J. and Goues, Claire Le and Vasilescu, Bogdan},
    title = {Meaningful Variable Names for Decompiled Code: A Machine Translation Approach},
    booktitle = {Proceedings of the 26th Conference on Program Comprehension},
    series = {ICPC '18},
    year = {2018},
    isbn = {978-1-4503-5714-2},
    location = {Gothenburg, Sweden},
    pages = {20--30},
    numpages = {11},
    url = {http://doi.acm.org/10.1145/3196321.3196330},
    doi = {10.1145/3196321.3196330},
    acmid = {3196330},
    publisher = {ACM},
    address = {New York, NY, USA},
} 

@INPROCEEDINGS{nucleus2017EuroSP, 
    author={D. {Andriesse} and A. {Slowinska} and H. {Bos}}, 
    booktitle={2017 IEEE European Symposium on Security and Privacy (EuroS P)}, 
    title={Compiler-Agnostic Function Detection in Binaries}, 
    year={2017}, 
    volume={}, 
    number={}, 
    pages={177-189}, 
    doi={10.1109/EuroSP.2017.11}, 
    ISSN={}, 
    month={April},}

@inproceedings{Yakdan2015NDSS,
    title={No More Gotos: Decompilation Using Pattern-Independent Control-Flow Structuring and Semantic-Preserving Transformations},
    author={Khaled Yakdan and Sebastian Eschweiler and Elmar Gerhards-Padilla and Matthew Smith},
    booktitle={NDSS},
    year={2015}
}

@misc{inlineassm,
    author = {Recoules, Fr\c{e}d\c{e}ric and Bardin, S\c{e}bastien and Bonichon, Richard and  Mounier, Laurent and Potet, Marie-Laure},
    title = {{Get rid of inline assembly through trustable verification-oriented lifting}},
    howpublished = {\url{https://arxiv.org/abs/1903.06407}},
    year = {2019},
    note = {Last accessed: \today}
}

@article{Bochs1996,
    author = {Lawton, Kevin P.},
    title = {Bochs: A Portable PC Emulator for Unix/X},
    journal = {Linux J.},
    issue_date = {Sept. 1996},
    volume = {1996},
    number = {29es},
    month = sep,
    year = {1996},
    issn = {1075-3583},
    articleno = {7},
    url = {http://dl.acm.org/citation.cfm?id=326350.326357},
    acmid = {326357},
    publisher = {Belltown Media},
    address = {Houston, TX},
} 

@inproceedings{Tristan:2011,
    author = {Tristan, Jean-Baptiste and Govereau, Paul and Morrisett, Greg},
    title = {Evaluating Value-graph Translation Validation for LLVM},
    booktitle = {Proceedings of the 32Nd ACM SIGPLAN Conference on Programming Language Design and Implementation},
    series = {PLDI '11},
    year = {2011},
    isbn = {978-1-4503-0663-8},
    location = {San Jose, California, USA},
    pages = {295--305},
    numpages = {11},
    url = {http://doi.acm.org/10.1145/1993498.1993533},
    doi = {10.1145/1993498.1993533},
    acmid = {1993533},
    publisher = {ACM},
    address = {New York, NY, USA},
    keywords = {llvm, optimization, symbolic evaluation, translation validation},
} 

@inproceedings{Stepp:2011,
    author = {Stepp, Michael and Tate, Ross and Lerner, Sorin},
    title = {Equality-based Translation Validator for LLVM},
    booktitle = {Proceedings of the 23rd International Conference on Computer Aided Verification},
    series = {CAV'11},
    year = {2011},
    isbn = {978-3-642-22109-5},
    location = {Snowbird, UT},
    pages = {737--742},
    numpages = {6},
    url = {http://dl.acm.org/citation.cfm?id=2032305.2032364},
    acmid = {2032364},
    publisher = {Springer-Verlag},
    address = {Berlin, Heidelberg},
} 


@article{VOC2002,
    title = {{VOC}: A Translation Validator for Optimizing Compilers},
    journal = "Electronic Notes in Theoretical Computer Science",
    volume = "65",
    number = "2",
    pages = "2 - 18",
    year = "2002",
    note = "COCV'02, Compiler Optimization Meets Compiler Verification (Satellite Event of ETAPS 2002)",
    issn = "1571-0661",
    doi = "https://doi.org/10.1016/S1571-0661(04)80393-1",
    url = "http://www.sciencedirect.com/science/article/pii/S1571066104803931",
    author = "Lenore Zuck and Amir Pnueli and Yi Fang and Benjamin Goldberg",
}

@InProceedings{TVOC:CAV2005,
    author="Barrett, Clark
    and Fang, Yi
    and Goldberg, Benjamin
    and Hu, Ying
    and Pnueli, Amir
    and Zuck, Lenore",
    editor="Etessami, Kousha
    and Rajamani, Sriram K.",
    title="TVOC: A Translation Validator for Optimizing Compilers",
    booktitle="Computer Aided Verification",
    year="2005",
    publisher="Springer Berlin Heidelberg",
    address="Berlin, Heidelberg",
    pages="291--295",
    isbn="978-3-540-31686-2"
}
@article{Abadi:1991,
    author = {Abadi, Mart\'{\i}n and Lamport, Leslie},
    title = {The Existence of Refinement Mappings},
    journal = {Theor. Comput. Sci.},
    issue_date = {May 31, 1991},
    volume = {82},
    number = {2},
    month = may,
    year = {1991},
    issn = {0304-3975},
    pages = {253--284},
    numpages = {32},
    url = {http://dx.doi.org/10.1016/0304-3975(91)90224-P},
    doi = {10.1016/0304-3975(91)90224-P},
    acmid = {114018},
    publisher = {Elsevier Science Publishers Ltd.},
    address = {Essex, UK},
} 

@inproceedings{Pnueli:1998,
    author = {Pnueli, Amir and Siegel, Michael and Singerman, Eli},
    title = {Translation Validation},
    booktitle = {Proceedings of the 4th International Conference on Tools and Algorithms for Construction and Analysis of Systems},
    series = {TACAS '98},
    year = {1998},
    isbn = {3-540-64356-7},
    pages = {151--166},
    numpages = {16},
    url = {http://dl.acm.org/citation.cfm?id=646482.691453},
    acmid = {691453},
    publisher = {Springer-Verlag},
    address = {Berlin, Heidelberg},
} 

@inproceedings{Zeng:2018,
    author = {Zeng, Dongrui and Tan, Gang},
    title = {From Debugging-Information Based Binary-Level Type Inference to CFG Generation},
    booktitle = {Proceedings of the Eighth ACM Conference on Data and Application Security and Privacy},
    series = {CODASPY '18},
    year = {2018},
    isbn = {978-1-4503-5632-9},
    location = {Tempe, AZ, USA},
    pages = {366--376},
    numpages = {11},
    url = {http://doi.acm.org/10.1145/3176258.3176309},
    doi = {10.1145/3176258.3176309},
    acmid = {3176309},
    publisher = {ACM},
    address = {New York, NY, USA},
    keywords = {control flow graphs, debugging information, type inference},
} 

@InProceedings{Kedar:SAS2013,
    author="Namjoshi, Kedar S.
    and Zuck, Lenore D.",
    editor="Logozzo, Francesco
    and F{\"a}hndrich, Manuel",
    title="Witnessing Program Transformations",
    booktitle="Static Analysis",
    year="2013",
    publisher="Springer Berlin Heidelberg",
    address="Berlin, Heidelberg",
    pages="304--323",
    isbn="978-3-642-38856-9"
}

@inproceedings{Necula:2000,
    author = {Necula, George C.},
    title = {Translation Validation for an Optimizing Compiler},
    booktitle = {Proceedings of the ACM SIGPLAN 2000 Conference on Programming Language Design and Implementation},
    series = {PLDI '00},
    year = {2000},
    isbn = {1-58113-199-2},
    location = {Vancouver, British Columbia, Canada},
    pages = {83--94},
    numpages = {12},
    url = {http://doi.acm.org/10.1145/349299.349314},
    doi = {10.1145/349299.349314},
    acmid = {349314},
    publisher = {ACM},
    address = {New York, NY, USA},
} 

@inproceedings{David:2016,
    author = {David, Yaniv and Partush, Nimrod and Yahav, Eran},
    title = {Statistical Similarity of Binaries},
    booktitle = {Proceedings of the 37th ACM SIGPLAN Conference on Programming Language Design and Implementation},
    series = {PLDI '16},
    year = {2016},
    isbn = {978-1-4503-4261-2},
    location = {Santa Barbara, CA, USA},
    pages = {266--280},
    numpages = {15},
    url = {http://doi.acm.org/10.1145/2908080.2908126},
    doi = {10.1145/2908080.2908126},
    acmid = {2908126},
    publisher = {ACM},
    address = {New York, NY, USA},
    keywords = {partial equivalence, static binary analysis, statistical similarity, verification-aided similarity},
} 

@InProceedings{Iman2005,
    author="Narasamdya, Iman
    and Voronkov, Andrei",
    editor="Hankin, Chris
    and Siveroni, Igor",
    title="Finding Basic Block and Variable Correspondence",
    booktitle="Static Analysis",
    year="2005",
    publisher="Springer Berlin Heidelberg",
    address="Berlin, Heidelberg",
    pages="251--267",
    abstract="Having in mind the ultimate goal of translation validation for optimizing compilers, we propose a new algorithm for solving the problem of finding basic block and variable correspondence between two (low-level) programs generated by a compiler from the same source using different optimizations. The essence of our technique is interpretation of the two programs on random inputs and comparing the histories of value changes for variables. We describe an architecture of a system for finding basic block and variable correspondence and provide experimental evidence of its usefulness.",
    isbn="978-3-540-31971-9"
}

@inproceedings{Meng:2016,
    author = {Meng, Xiaozhu and Miller, Barton P.},
    title = {Binary Code is Not Easy},
    booktitle = {Proceedings of the 25th International Symposium on Software Testing and Analysis},
    series = {ISSTA 2016},
    year = {2016},
    isbn = {978-1-4503-4390-9},
    location = {Saarbr\&\#252;cken, Germany},
    pages = {24--35},
    numpages = {12},
    url = {http://doi.acm.org/10.1145/2931037.2931047},
    doi = {10.1145/2931037.2931047},
    acmid = {2931047},
    publisher = {ACM},
    address = {New York, NY, USA},
    keywords = {Challenging code constructs, Jump table model, Static binary code analysis},
} 

@article{Harris:2005,
    author = {Harris, Laune C. and Miller, Barton P.},
    title = {Practical Analysis of Stripped Binary Code},
    journal = {SIGARCH Comput. Archit. News},
    issue_date = {December 2005},
    volume = {33},
    number = {5},
    month = dec,
    year = {2005},
    issn = {0163-5964},
    pages = {63--68},
    numpages = {6},
    url = {http://doi.acm.org/10.1145/1127577.1127590},
    doi = {10.1145/1127577.1127590},
    acmid = {1127590},
    publisher = {ACM},
    address = {New York, NY, USA},
} 

@inproceedings{Srivastava:1994,
    author = {Srivastava, Amitabh and Eustace, Alan},
    title = {ATOM: A System for Building Customized Program Analysis Tools},
    booktitle = {Proceedings of the ACM SIGPLAN 1994 Conference on Programming Language Design and Implementation},
    series = {PLDI '94},
    year = {1994},
    isbn = {0-89791-662-X},
    location = {Orlando, Florida, USA},
    pages = {196--205},
    numpages = {10},
    url = {http://doi.acm.org/10.1145/178243.178260},
    doi = {10.1145/178243.178260},
    acmid = {178260},
    publisher = {ACM},
    address = {New York, NY, USA},
} 

@inproceedings{Christodorescu:2005,
    author = {Christodorescu, Mihai and Jha, Somesh and Seshia, Sanjit A. and Song, Dawn and Bryant, Randal E.},
    title = {Semantics-Aware Malware Detection},
    booktitle = {Proceedings of the 2005 IEEE Symposium on Security and Privacy},
    series = {SP '05},
    year = {2005},
    isbn = {0-7695-2339-0},
    pages = {32--46},
    numpages = {15},
    url = {https://doi.org/10.1109/SP.2005.20},
    doi = {10.1109/SP.2005.20},
    acmid = {1059380},
    publisher = {IEEE Computer Society},
    address = {Washington, DC, USA},
} 

@InProceedings{Andreas2007,
    author="Holzer, Andreas
    and Kinder, Johannes
    and Veith, Helmut",
    editor="Moreno D{\'i}az, Roberto
    and Pichler, Franz
    and Quesada Arencibia, Alexis",
    title="Using Verification Technology to Specify and Detect Malware",
    booktitle="Computer Aided Systems Theory -- EUROCAST 2007",
    year="2007",
    publisher="Springer Berlin Heidelberg",
    address="Berlin, Heidelberg",
    pages="497--504",
}


@inproceedings{Kinder:2005,
    author = {Kinder, Johannes and Katzenbeisser, Stefan and Schallhart, Christian and Veith, Helmut},
    title = {Detecting Malicious Code by Model Checking},
    booktitle = {Proceedings of the Second International Conference on Detection of Intrusions and Malware, and Vulnerability Assessment},
    series = {DIMVA'05},
    year = {2005},
    isbn = {3-540-26613-5, 978-3-540-26613-6},
    location = {Vienna, Austria},
    pages = {174--187},
    numpages = {14},
    url = {http://dx.doi.org/10.1007/11506881_11},
    doi = {10.1007/11506881_11},
    acmid = {2144864},
    publisher = {Springer-Verlag},
    address = {Berlin, Heidelberg},
    keywords = {malware detection, model checking},
} 


@article{Kinder:2010,
    author = {Kinder, Johannes and Katzenbeisser, Stefan and Schallhart, Christian and Veith, Helmut},
    title = {Proactive Detection of Computer Worms Using Model Checking},
    journal = {IEEE Trans. Dependable Secur. Comput.},
    issue_date = {October 2010},
    volume = {7},
    number = {4},
    month = oct,
    year = {2010},
    issn = {1545-5971},
    pages = {424--438},
    numpages = {15},
    url = {http://dx.doi.org/10.1109/TDSC.2008.74},
    doi = {10.1109/TDSC.2008.74},
    acmid = {1916657},
    publisher = {IEEE Computer Society Press},
    address = {Los Alamitos, CA, USA},
    keywords = {Invasive software, Invasive software, model checking., Model checking, model checking.},
}

@inproceedings{Kolbitsch:2009,
    author = {Kolbitsch, Clemens and Comparetti, Paolo Milani and Kruegel, Christopher and Kirda, Engin and Zhou, Xiaoyong and Wang, XiaoFeng},
    title = {Effective and Efficient Malware Detection at the End Host},
    booktitle = {Proceedings of the 18th Conference on USENIX Security Symposium},
    series = {SSYM'09},
    year = {2009},
    location = {Montreal, Canada},
    pages = {351--366},
    numpages = {16},
    url = {http://dl.acm.org/citation.cfm?id=1855768.1855790},
    acmid = {1855790},
    publisher = {USENIX Association},
    address = {Berkeley, CA, USA},
} 

@InProceedings{libabs,
    author="Gopan, Denis
    and Reps, Thomas",
    editor="Damm, Werner
    and Hermanns, Holger",
    title="Low-Level Library Analysis and Summarization",
    booktitle="Computer Aided Verification",
    year="2007",
    publisher="Springer Berlin Heidelberg",
    address="Berlin, Heidelberg",
    pages="68--81",
    isbn="978-3-540-73368-3"
}

@inproceedings{Lattner:2004,
    author = {Lattner, Chris and Adve, Vikram},
    title = {LLVM: A Compilation Framework for Lifelong Program Analysis \& Transformation},
    booktitle = {Proceedings of the International Symposium on Code Generation and Optimization: Feedback-directed and Runtime Optimization},
    series = {CGO '04},
    year = {2004},
    isbn = {0-7695-2102-9},
    location = {Palo Alto, California},
    pages = {75--},
    url = {http://dl.acm.org/citation.cfm?id=977395.977673},
    acmid = {977673},
    publisher = {IEEE Computer Society},
    address = {Washington, DC, USA},
} 

@inproceedings{Xie:2003,
    author = {Xie, Yichen and Chou, Andy and Engler, Dawson},
    title = {ARCHER: Using Symbolic, Path-sensitive Analysis to Detect Memory Access Errors},
    booktitle = {Proceedings of the 9th European Software Engineering Conference Held Jointly with 11th ACM SIGSOFT International Symposium on Foundations of Software Engineering},
    series = {ESEC/FSE-11},
    year = {2003},
    isbn = {1-58113-743-5},
    location = {Helsinki, Finland},
    pages = {327--336},
    numpages = {10},
    url = {http://doi.acm.org/10.1145/940071.940115},
    doi = {10.1145/940071.940115},
    acmid = {940115},
    publisher = {ACM},
    address = {New York, NY, USA},
    keywords = {buffer overflow, buffer overrun, error detection, memory access errors, security, static analysis},
} 

@inproceedings{Musuvathi:2008,
    author = {Musuvathi, Madanlal and Qadeer, Shaz and Ball, Thomas and Basler, Gerard and Nainar, Piramanayagam Arumuga and Neamtiu, Iulian},
    title = {Finding and Reproducing Heisenbugs in Concurrent Programs},
    booktitle = {Proceedings of the 8th USENIX Conference on Operating Systems Design and Implementation},
    series = {OSDI'08},
    year = {2008},
    location = {San Diego, California},
    pages = {267--280},
    numpages = {14},
    url = {http://dl.acm.org/citation.cfm?id=1855741.1855760},
    acmid = {1855760},
    publisher = {USENIX Association},
    address = {Berkeley, CA, USA},
} 


@inproceedings{Ivancic:2005,
    author = {Ivan\v{c}i\'{c}, F. and Yang, Z. and Ganai, M. K. and Gupta, A. and Shlyakhter, I. and Ashar, P.},
    title = {F-SOFT: Software Verification Platform},
    booktitle = {Proceedings of the 17th International Conference on Computer Aided Verification},
    series = {CAV'05},
    year = {2005},
    isbn = {3-540-27231-3, 978-3-540-27231-1},
    location = {Edinburgh, Scotland, UK},
    pages = {301--306},
    numpages = {6},
    url = {http://dx.doi.org/10.1007/11513988_31},
    doi = {10.1007/11513988_31},
    acmid = {2153269},
    publisher = {Springer-Verlag},
    address = {Berlin, Heidelberg},
} 

@inproceedings{Dwyer:2007,
    author = {Dwyer, Matthew B. and Hatcliff, John and Robby, Robby and Pasareanu, Corina S. and Visser, Willem},
    title = {Formal Software Analysis Emerging Trends in Software Model Checking},
    booktitle = {2007 Future of Software Engineering},
    series = {FOSE '07},
    year = {2007},
    isbn = {0-7695-2829-5},
    pages = {120--136},
    numpages = {17},
    url = {https://doi.org/10.1109/FOSE.2007.6},
    doi = {10.1109/FOSE.2007.6},
    acmid = {1254714},
    publisher = {IEEE Computer Society},
    address = {Washington, DC, USA},
} 

@inproceedings{Binkley:2007,
    author = {Binkley, David},
    title = {Source Code Analysis: A Road Map},
    booktitle = {2007 Future of Software Engineering},
    series = {FOSE '07},
    year = {2007},
    isbn = {0-7695-2829-5},
    pages = {104--119},
    numpages = {16},
    url = {https://doi.org/10.1109/FOSE.2007.27},
    doi = {10.1109/FOSE.2007.27},
    acmid = {1254713},
    publisher = {IEEE Computer Society},
    address = {Washington, DC, USA},
} 

@article{Bessey2010,
    author = {Bessey, Al and Block, Ken and Chelf, Ben and Chou, Andy and Fulton, Bryan and Hallem, Seth and Henri-Gros, Charles and Kamsky, Asya and McPeak, Scott and Engler, Dawson},
    title = {A Few Billion Lines of Code Later: Using Static Analysis to Find Bugs in the Real World},
    journal = {Commun. ACM},
    issue_date = {February 2010},
    volume = {53},
    number = {2},
    month = feb,
    year = {2010},
    issn = {0001-0782},
    pages = {66--75},
    numpages = {10},
    url = {http://doi.acm.org/10.1145/1646353.1646374},
    doi = {10.1145/1646353.1646374},
    acmid = {1646374},
    publisher = {ACM},
    address = {New York, NY, USA},
}

@inproceedings{Ball2006,
    author = {Ball, Thomas and Bounimova, Ella and Cook, Byron and Levin, Vladimir and Lichtenberg, Jakob and McGarvey, Con and Ondrusek, Bohus and Rajamani, Sriram K. and Ustuner, Abdullah},
    title = {Thorough Static Analysis of Device Drivers},
    booktitle = {Proceedings of the 1st ACM SIGOPS/EuroSys European Conference on Computer Systems 2006},
    series = {EuroSys '06},
    year = {2006},
    isbn = {1-59593-322-0},
    location = {Leuven, Belgium},
    pages = {73--85},
    numpages = {13},
    url = {http://doi.acm.org/10.1145/1217935.1217943},
    doi = {10.1145/1217935.1217943},
    acmid = {1217943},
    publisher = {ACM},
    address = {New York, NY, USA},
    keywords = {formal verification, software model checking},
}

@inproceedings{Cousot1977,
    author = {Cousot, Patrick and Cousot, Radhia},
    title = {Abstract Interpretation: A Unified Lattice Model for Static Analysis of Programs by Construction or Approximation of Fixpoints},
    booktitle = {Proceedings of the 4th ACM SIGACT-SIGPLAN Symposium on Principles of Programming Languages},
    series = {POPL '77},
    year = {1977},
    location = {Los Angeles, California},
    pages = {238--252},
    numpages = {15},
    url = {http://doi.acm.org/10.1145/512950.512973},
    doi = {10.1145/512950.512973},
    acmid = {512973},
    publisher = {ACM},
    address = {New York, NY, USA},
} 

@inproceedings{Clarke1981,
    author = {Clarke, Edmund M. and Emerson, E. Allen},
    title = {Design and Synthesis of Synchronization Skeletons Using Branching-Time Temporal Logic},
    booktitle = {Logic of Programs, Workshop},
    year = {1982},
    isbn = {3-540-11212-X},
    pages = {52--71},
    numpages = {20},
    url = {http://dl.acm.org/citation.cfm?id=648063.747438},
    acmid = {747438},
    publisher = {Springer-Verlag},
    address = {Berlin, Heidelberg},
} 

@inproceedings{Queille1982,
    author = {Queille, Jean-Pierre and Sifakis, Joseph},
    title = {Specification and Verification of Concurrent Systems in CESAR},
    booktitle = {Proceedings of the 5th Colloquium on International Symposium on Programming},
    year = {1982},
    isbn = {3-540-11494-7},
    pages = {337--351},
    numpages = {15},
    url = {http://dl.acm.org/citation.cfm?id=647325.721668},
    acmid = {721668},
    publisher = {Springer-Verlag},
    address = {London, UK, UK},
}

@book{Nielson2010,
    author = {Nielson, Flemming and Nielson, Hanne R. and Hankin, Chris},
    title = {Principles of Program Analysis},
    year = {2010},
    isbn = {3642084745, 9783642084744},
    publisher = {Springer Publishing Company, Incorporated},
} 

@book{lamport94,
    author    = "Leslie Lamport",
    title     = "{\LaTeX: A Document Preparation System}",
    year      = "1994",
    publisher = "Addison-Wesley",
    edition = "2nd",
    address   = "Reading, Massachusetts"
}

@inproceedings{nicepaper1,
  author = "Firstname1 Lastname1 and Firstname2 Lastname2",
  title = "A Very Nice Paper To Cite",
  year = "2012",
  booktitle = "Proceedings of the 33rd Annual ACM SIGPLAN Conference on Programming Language Design and Implementation"
}

@inproceedings{nicepaper2,
  author = "Firstname1 Lastname1 and Firstname2 Lastname2 and Firstname3 Lastname3",
  title = "Another Very Nice Paper to Cite",
  year = "2011",
  booktitle = "Proceedings of the 22nd ACM Symposium on Operating Systems Principles"
}

@inproceedings{nicepaper3,
  author = "Firstname1 Lastname1 and Firstname2 Lastname2 and Firstname3 Lastname3 and Firstname4 Lastname4 and Firstname5 Lastname5",
  title = "Yet Another Very Nice Paper To Cite, With Many Author Names All Spelled Out",
  year = "2011",
  booktitle = "Proceedings of the 38th Annual International Symposium on Computer Architecture"
}

@book{Steele,
 author = {Steele,Jr., Guy L.},
 title = {Common LISP: The Language},
 year = {1984},
 isbn = {0-932376-41-X},
 publisher = {Digital Press},
 address = {Newton, MA, USA},
} 

@Misc{GNUMPFR,
  title = 	 {{The GNU MPFR Library}},
  howpublished =
  {\url{https://www.mpfr.org/}},
  month = 	 {July},
  year = 	 {2018},
  note = 	 {Last accessed: \today}
}

@Misc{MPFRJAVA,
  title = 	 {{MPFR Java Bindings}},
  howpublished =
  {\url{https://github.com/kframework/mpfr-java}},
  month = 	 {July},
  year = 	 {2018},
  note = 	 {Last accessed: \today}
}

@Misc{PC1,
  title = 	 {{Eric Schkufza. Personal communication}},
  month = 	 {June},
  year = 	 {2018},
}

@Misc{Intel:PC2,
  title = 	 {{Matthew Fernandez. Personal communication}},
  month = 	 {June},
  year = 	 {2018},
}

@Misc{CTORTURE,
  title = 	 {{C Language Testsuites: C-torture version 8.1.0}},
  howpublished =
  {\url{https://gcc.gnu.org/onlinedocs/gccint/C-Tests.html}},
  year = 	 {2018},
  note = 	 {Last accessed: \today}
}

@inproceedings{HiStar:2006,
 author = {Zeldovich, Nickolai and Boyd-Wickizer, Silas and Kohler, Eddie and Mazi\`{e}res, David},
 title = {{Making Information Flow Explicit in HiStar}},
 booktitle = {Proceedings of the 7th USENIX Symposium on Operating Systems Design and Implementation - Volume 7},
 series = {OSDI '06},
 year = {2006},
 location = {Seattle, WA},
 pages = {19--19},
 numpages = {1},
 url = {http://dl.acm.org/citation.cfm?id=1267308.1267327},
 acmid = {1267327},
 publisher = {USENIX Association},
 address = {Berkeley, CA, USA},
}

@inproceedings{Cadar:2008,
 author = {Cadar, Cristian and Dunbar, Daniel and Engler, Dawson},
 title = {KLEE: Unassisted and Automatic Generation of High-coverage Tests for Complex Systems Programs},
 booktitle = {Proceedings of the 8th USENIX Conference on Operating Systems Design and Implementation},
 series = {OSDI'08},
 year = {2008},
 location = {San Diego, California},
 pages = {209--224},
 numpages = {16},
 url = {http://dl.acm.org/citation.cfm?id=1855741.1855756},
 acmid = {1855756},
 publisher = {USENIX Association},
 address = {Berkeley, CA, USA},
}

@Misc{Coq,
  title = 	 {{The Coq Proof Assistant}},
  howpublished = {\url{https://coq.inria.fr/}},
  year = 	 {2018},
  note = 	 {Last accessed: \today}
}

@Misc{Felix,
  title = 	 {{x86 and amd64 Instruction Reference (UnOfficial)}},
  howpublished =
  {\url{http://www.felixcloutier.com/x86/}},
  month = 	 {July},
  year = 	 {2018},
  note = 	 {Last accessed: \today}
}

@Misc{Syntax,
  title = 	 {{x86 assembly language}},
  howpublished =
  {\url{https://en.wikipedia.org/wiki/X86_assembly_language/}},
  month = 	 {July},
  year = 	 {2018},
  note = 	 {Last accessed: \today}
}

@article{Leroy:2009,
 author = {Leroy, Xavier},
 title = {Formal Verification of a Realistic Compiler},
 journal = {Commun. ACM},
 issue_date = {July 2009},
 volume = {52},
 number = {7},
 month = jul,
 year = {2009},
 issn = {0001-0782},
 pages = {107--115},
 numpages = {9},
 url = {http://doi.acm.org/10.1145/1538788.1538814},
 doi = {10.1145/1538788.1538814},
 acmid = {1538814},
 publisher = {ACM},
 address = {New York, NY, USA},
}

@inproceedings{Gu:2016,
 author = {Gu, Ronghui and Shao, Zhong and Chen, Hao and Wu, Xiongnan and Kim, Jieung and Sj\"{o}berg, Vilhelm and Costanzo, David},
 title = {CertiKOS: An Extensible Architecture for Building Certified Concurrent OS Kernels},
 booktitle = {Proceedings of the 12th USENIX Conference on Operating Systems Design and Implementation},
 series = {OSDI'16},
 year = {2016},
 isbn = {978-1-931971-33-1},
 location = {Savannah, GA, USA},
 pages = {653--669},
 numpages = {17},
 url = {http://dl.acm.org/citation.cfm?id=3026877.3026928},
 acmid = {3026928},
 publisher = {USENIX Association},
 address = {Berkeley, CA, USA},
} 

@Misc{FP, 
author={}, 
title={{IEEE Std 754-2008 - IEEE Standard for Floating-Point Arithmetic}},
year={2008}, 
doi={10.1109/IEEESTD.2008.4610935}, 
howpublished = {\url{https://standards.ieee.org/findstds/standard/754-2008.html}},
ISSN={}, 
month={Aug},}

@inproceedings{godefroid_automated_2008,
        title = {Automated {Whitebox} {Fuzz} {Testing}},
        booktitle = {Proceedings of {NDSS} ({Network} and {Distributed} {Systems} {Security})},
        author = {Godefroid, Patrice and Levin, Michael Y. and Molnar, David},
        year = {2008},
        keywords = {SAGE, SAGE approach},
        pages = {151--166}
}


@inproceedings{ISCA95,
 author = {Ho, Richard C. and Yang, C. Han and Horowitz, Mark A. and Dill, David L.},
 title = {Architecture Validation for Processors},
 booktitle = {Proceedings of the 22Nd Annual International Symposium on Computer Architecture},
 series = {ISCA '95},
 year = {1995},
 isbn = {0-89791-698-0},
 location = {S. Margherita Ligure, Italy},
 pages = {404--413},
 numpages = {10},
 url = {http://doi.acm.org/10.1145/223982.224450},
 doi = {10.1145/223982.224450},
 acmid = {224450},
 publisher = {ACM},
 address = {New York, NY, USA},
}

@inproceedings{DAC01,
 author = {Bentley, Bob},
 title = {Validating the Intel Pentium 4 Microprocessor},
 booktitle = {Proceedings of the 38th Annual Design Automation Conference},
 series = {DAC '01},
 year = {2001},
 isbn = {1-58113-297-2},
 location = {Las Vegas, Nevada, USA},
 pages = {244--248},
 numpages = {5},
 url = {http://doi.acm.org/10.1145/378239.378473},
 doi = {10.1145/378239.378473},
 acmid = {378473},
 publisher = {ACM},
 address = {New York, NY, USA},
} 

@inproceedings{Foster:DAC2015,
 author = {Foster, Harry D.},
 title = {Trends in Functional Verification: A 2014 Industry Study},
 booktitle = {Proceedings of the 52nd Annual Design Automation Conference},
 series = {DAC '15},
 year = {2015},
 pages = {48:1--48:6},
 url = {http://doi.acm.org/10.1145/2744769.2744921},
 doi = {10.1145/2744769.2744921},
 acmid = {2744921},
 publisher = {ACM},
 address = {New York, NY, USA},
 keywords = {functional verification trends, verification effort},
} 

@INPROCEEDINGS{mishra18, 
author={A. Ahmed and F. Farahmandi and P. Mishra}, 
booktitle={2018 Design, Automation Test in Europe Conference Exhibition (DATE)}, 
title={Directed test generation using concolic testing on RTL models}, 
year={2018}, 
volume={}, 
number={}, 
pages={1538-1543}, 
keywords={integrated circuit design;integrated circuit testing;system-on-chip;state-of-the-art test generation methods;hardware designs;constrained-random tests;System-on-Chip design methodology;RTL models;concolic testing;directed test generation;Test pattern generators;Hardware;Hardware design languages;Computational modeling;Complexity theory;Design methodology}, 
doi={10.23919/DATE.2018.8342260}, 
ISSN={1558-1101}, 
month={March},}

@INPROCEEDINGS{Liu2011, 
author={L. Liu and S. Vasudevan}, 
booktitle={2011 Design, Automation Test in Europe}, 
title={Efficient validation input generation in RTL by hybridized source code analysis}, 
year={2011}, 
volume={}, 
number={}, 
pages={1-6}, 
keywords={circuit simulation;hardware description languages;integrated circuit design;validation input generation;hybridized source code analysis;HYBRO;register transfer level design;branch-coverage directed approach;dynamic simulation data;static analysis;control flow graph;symbolic trace extraction;mutated guard;SMT solver;Verilog symbolic execution engine symbolic execution engine;branch-coverage directed exploration;ITC99 benchmark;Openrisc design;branch coverage optimization;Concrete;Instruments;Engines;Optimization;Hardware design languages;Registers;Measurement}, 
doi={10.1109/DATE.2011.5763253}, 
ISSN={1558-1101}, 
month={March},}

@article{Liu2014,
 author = {Liu, Lingyi and Vasudevan, Shobha},
 title = {Scaling Input Stimulus Generation Through Hybrid Static and Dynamic Analysis of RTL},
 journal = {ACM Trans. Des. Autom. Electron. Syst.},
 issue_date = {November 2014},
 volume = {20},
 number = {1},
 month = nov,
 year = {2014},
 issn = {1084-4309},
 pages = {4:1--4:33},
 articleno = {4},
 numpages = {33},
 url = {http://doi.acm.org/10.1145/2676549},
 doi = {10.1145/2676549},
 acmid = {2676549},
 publisher = {ACM},
 address = {New York, NY, USA},
 keywords = {SMT, Static analysis, coverage, design verification, symbolic execution},
} 

@inproceedings{Sarkar:POPL09,
 author = {Sarkar, Susmit and Sewell, Peter and Nardelli, Francesco Zappa and Owens, Scott and Ridge, Tom and Braibant, Thomas and Myreen, Magnus O. and Alglave, Jade},
 title = {The Semantics of x86-CC Multiprocessor Machine Code},
 booktitle = {Proceedings of the 36th Annual ACM SIGPLAN-SIGACT Symposium on Principles of Programming Languages},
 series = {POPL '09},
 year = {2009},
 isbn = {978-1-60558-379-2},
 location = {Savannah, GA, USA},
 pages = {379--391},
 numpages = {13},
 url = {http://doi.acm.org/10.1145/1480881.1480929},
 doi = {10.1145/1480881.1480929},
 acmid = {1480929},
 publisher = {ACM},
 address = {New York, NY, USA},
 keywords = {relaxed memory models, semantics},
}

@inproceedings{Owens:x86-TSO,
 author = {Owens, Scott and Sarkar, Susmit and Sewell, Peter},
 title = {A Better x86 Memory Model: X86-TSO},
 booktitle = {Proceedings of the 22Nd International Conference on Theorem Proving in Higher Order Logics},
 series = {TPHOLs '09},
 year = {2009},
 isbn = {978-3-642-03358-2},
 location = {Munich, Germany},
 pages = {391--407},
 numpages = {17},
 url = {http://dx.doi.org/10.1007/978-3-642-03359-9_27},
 doi = {10.1007/978-3-642-03359-9_27},
 acmid = {1616107},
 publisher = {Springer-Verlag},
 address = {Berlin, Heidelberg},
}

@inproceedings{Fonseca:Eurosys2017,
author = {Fonseca, Pedro and Zhang, Kaiyuan and Wang, Xi and Krishnamurthy, Arvind},
title = {An Empirical Study on the Correctness of Formally Verified Distributed Systems},
booktitle = {Proceedings of the Twelfth European Conference on Computer Systems},
series = {EuroSys '17},
year = {2017},
isbn = {978-1-4503-4938-3},
location = {Belgrade, Serbia},
pages = {328--343},
numpages = {16},
doi = {10.1145/3064176.3064183},
acmid = {3064183},
publisher = {ACM},
address = {New York, NY, USA},
}

@inproceedings{Martignoni:ASPLOS2012,
author = {Martignoni, Lorenzo and McCamant, Stephen and Poosankam, Pongsin and Song, Dawn and Maniatis, Petros},
title = {Path-exploration Lifting: Hi-fi Tests for Lo-fi Emulators},
booktitle = {Proceedings of the Seventeenth International Conference on Architectural Support for Programming Languages and Operating Systems},
series = {ASPLOS XVII},
year = {2012},
isbn = {978-1-4503-0759-8},
location = {London, England, UK},
pages = {337--348},
numpages = {12},
doi = {10.1145/2150976.2151012},
acmid = {2151012},
publisher = {ACM},
address = {New York, NY, USA},
keywords = {CPU emulators, cross validation, symbolic binary execution},
}

@inproceedings{Martignoni:ISSTA2009,
 author = {Martignoni, Lorenzo and Paleari, Roberto and Roglia, Giampaolo Fresi and Bruschi, Danilo},
 title = {Testing CPU Emulators},
 booktitle = {Proceedings of the Eighteenth International Symposium on Software Testing and Analysis},
 series = {ISSTA '09},
 year = {2009},
 isbn = {978-1-60558-338-9},
 location = {Chicago, IL, USA},
 pages = {261--272},
 numpages = {12},
 url = {http://doi.acm.org/10.1145/1572272.1572303},
 doi = {10.1145/1572272.1572303},
 acmid = {1572303},
 publisher = {ACM},
 address = {New York, NY, USA},
 keywords = {automatic test generation, emulation, fuzzing, software testing},
}

@inproceedings{Martignoni:ISSTA2010,
 author = {Martignoni, Lorenzo and Paleari, Roberto and Fresi Roglia, Giampaolo and Bruschi, Danilo},
 title = {Testing System Virtual Machines},
 booktitle = {Proceedings of the 19th International Symposium on Software Testing and Analysis},
 series = {ISSTA '10},
 year = {2010},
 isbn = {978-1-60558-823-0},
 location = {Trento, Italy},
 pages = {171--182},
 numpages = {12},
 url = {http://doi.acm.org/10.1145/1831708.1831730},
 doi = {10.1145/1831708.1831730},
 acmid = {1831730},
 publisher = {ACM},
 address = {New York, NY, USA},
 keywords = {automatic test generation, emulation, fuzzing, software testing, virtualization},
}

@article{sail-popl2019,
 author = {Armstrong, Alasdair and Bauereiss, Thomas and Campbell, Brian and Reid, Alastair and Gray, Kathryn E. and Norton, Robert M. and Mundkur, Prashanth and Wassell, Mark and French, Jon and Pulte, Christopher and Flur, Shaked and Stark, Ian and Krishnaswami, Neel and Sewell, Peter},
 title = {ISA Semantics for ARMv8-a, RISC-v, and CHERI-MIPS},
 journal = {Proc. ACM Program. Lang.},
 issue_date = {January 2019},
 volume = {3},
 number = {POPL},
 month = jan,
 year = {2019},
 issn = {2475-1421},
 pages = {71:1--71:31},
 articleno = {71},
 numpages = {31},
 url = {http://doi.acm.org/10.1145/3290384},
 doi = {10.1145/3290384},
 acmid = {3290384},
 publisher = {ACM},
 address = {New York, NY, USA},
 keywords = {Instruction Set Architectures, Semantics, Theorem Proving},
}

@misc{sail-x86,
  title = {{Sail x86 ISA model}},
  howpublished = {\url{https://github.com/rems-project/sail/tree/sail2/x86}},
  year = {2017},
  note = {Last accessed: \today}
}

@misc{sail-framework,
  author = {{Sail architecture definition language}},
  howpublished = {\url{https://github.com/rems-project/sail}},
  year = {2015},
  note = {Last accessed: \today}
}


@misc{rmem,
  title = {{rmem: Executable concurrency models for ARMv8, RISC-V, Power, and x86}},
  howpublished = {\url{https://github.com/rems-project/rmem/}},
  year = {2019},
  note = {Last accessed: \today}
}

@article{Pulte:2017,
 author = {Pulte, Christopher and Flur, Shaked and Deacon, Will and French, Jon and Sarkar, Susmit and Sewell, Peter},
 title = {Simplifying ARM Concurrency: Multicopy-atomic Axiomatic and Operational Models for ARMv8},
 journal = {Proc. ACM Program. Lang.},
 issue_date = {January 2018},
 volume = {2},
 number = {POPL},
 month = dec,
 year = {2017},
 issn = {2475-1421},
 pages = {19:1--19:29},
 articleno = {19},
 numpages = {29},
 url = {http://doi.acm.org/10.1145/3158107},
 doi = {10.1145/3158107},
 acmid = {3158107},
 publisher = {ACM},
 address = {New York, NY, USA},
 keywords = {Axiomatic, Operational, Relaxed Memory Models, Semantics},
} 

@misc{asl,
  author = {Alastair Reid},
  title = {{ARM's Architecture Specification Language}},
  howpublished = {\url{https://alastairreid.github.io/specification_languages/}},
  year = {2016},
  note = {Last accessed: \today}
}

@misc{completing-stock,
  author = {Sandeep Dasgupta},
  title = {{Defining semantics of instructions unsupported in Strata/Stoke}},
  howpublished = {\url{https://github.com/StanfordPL/stoke/pull/996}},
  year = {2019},
  note = {Last accessed: \today}
}

@misc{improving-stoke,
  author = {Sandeep Dasgupta},
  title = {{Improving Stoke ability to debug a circuit}},
  howpublished = {\url{https://github.com/StanfordPL/stoke/pull/997}},
  year = {2019},
  note = {Last accessed: \today}
}

@misc{x86-64-github,
  author = {Sandeep Dasgupta},
  title = {{Semantics of x86-64 in K}},
  howpublished = {\url{https://github.com/kframework/X86-64-semantics}},
  year = {2018},
  note = {Last accessed: \today}
}

@inproceedings{Park:2018,
 author = {Park, Daejun and Zhang, Yi and Saxena, Manasvi and Daian, Philip and Ro\c{s}u, Grigore},
 title = {A Formal Verification Tool for Ethereum VM Bytecode},
 booktitle = {Proceedings of the 2018 26th ACM Joint Meeting on European Software Engineering Conference and Symposium on the Foundations of Software Engineering},
 series = {ESEC/FSE 2018},
 year = {2018},
 isbn = {978-1-4503-5573-5},
 location = {Lake Buena Vista, FL, USA},
 pages = {912--915},
 numpages = {4},
 url = {http://doi.acm.org/10.1145/3236024.3264591},
 doi = {10.1145/3236024.3264591},
 acmid = {3264591},
 publisher = {ACM},
 address = {New York, NY, USA},
 keywords = {Ethereum, K framework, formal verification, smart contracts},
}
